<?xml version="1.0" encoding="UTF-8"?>
<record xmlns="http://www.loc.gov/MARC21/slim">
   <leader>00609cam a22001935  4500</leader>
   <controlfield tag="001">2836874</controlfield>
   <controlfield tag="003">NjP</controlfield>
   <controlfield tag="005">20100811084935.0</controlfield>
   <controlfield tag="008">991212s1889    ua            000 0 ara d</controlfield>
   <datafield tag="024" ind1="7" ind2=" ">
      <subfield code="a">princeton_aco004347</subfield>
      <subfield code="2">local</subfield>
   </datafield>
   <datafield ind1=" " ind2=" " tag="035">
      <subfield code="a">(OCoLC)ocm42979934</subfield>
   </datafield>
   <datafield ind1=" " ind2=" " tag="035">
      <subfield code="9">CNR9636TS</subfield>
   </datafield>
   <datafield ind1=" " ind2=" " tag="040">
      <subfield code="a">PUL</subfield>
      <subfield code="c">PUL</subfield>
   </datafield>
   <datafield ind1="1" ind2=" " tag="100">
      <subfield code="a">Qalyūbī, Aḥmad ibn Aḥmad,</subfield>
      <subfield code="d">d. 1659.</subfield>
   </datafield>
   <datafield ind1="0" ind2="0" tag="245">
      <subfield code="a">Tuḥfat al-rāghib fī sīrat jamāʻah min aʻyān ahl al-bayt al-aṭāʾib.</subfield>
   </datafield>
   <datafield ind1=" " ind2=" " tag="260">
      <subfield code="a">[Cairo?]</subfield>
      <subfield code="c">1307 [1889]</subfield>
   </datafield>
   <datafield ind1=" " ind2=" " tag="300">
      <subfield code="a">56 p.</subfield>
      <subfield code="c">20 cm.</subfield>
   </datafield>
   <datafield ind1=" " ind2=" " tag="546">
      <subfield code="a">In Arabic.</subfield>
   </datafield>
   <datafield ind1=" " ind2=" " tag="945">
      <subfield code="a">F</subfield>
      <subfield code="b">1</subfield>
      <subfield code="c">2272.81.391</subfield>
   </datafield>
   <datafield ind1=" " ind2=" " tag="911">
      <subfield code="a">20000220</subfield>
   </datafield>
   <datafield ind1="8" ind2="0" tag="852">
      <subfield code="0">3149365</subfield>
      <subfield code="b">rcppa</subfield>
      <subfield code="t">1</subfield>
      <subfield code="h">2272.81.391</subfield>
      <subfield code="x">tr fr f</subfield>
   </datafield>
   <datafield ind1=" " ind2=" " tag="959">
      <subfield code="a">2011-03-04 12:40:45 -0500</subfield>
   </datafield>
</record>
